
<record>
  <controlfield tag="001">1380192</controlfield>
  <datafield tag="024" ind1="7" ind2=" ">
    <subfield code="2">DOI</subfield>
    <subfield code="9">bibmatch</subfield>
    <subfield code="a">10.1007/JHEP05(2016)179</subfield>
  </datafield>
  <datafield tag="035" ind1=" " ind2=" ">
    <subfield code="9">INSPIRETeX</subfield>
    <subfield code="a">Adam:2015isa</subfield>
  </datafield>
  <datafield tag="035" ind1=" " ind2=" ">
    <subfield code="9">CDS</subfield>
    <subfield code="a">2029824</subfield>
  </datafield>
  <datafield tag="035" ind1=" " ind2=" ">
    <subfield code="9">DESY</subfield>
    <subfield code="z">D15-kj29i</subfield>
  </datafield>
  <datafield tag="035" ind1=" " ind2=" ">
    <subfield code="9">arXiv</subfield>
    <subfield code="a">oai:arXiv.org:1506.08804</subfield>
  </datafield>
  <datafield tag="035" ind1=" " ind2=" ">
    <subfield code="a">ins1380192</subfield>
    <subfield code="9">HEPDATA</subfield>
  </datafield>
  <datafield tag="035" ind1=" " ind2=" ">
    <subfield code="a">in2p3-01169681</subfield>
    <subfield code="9">HAL</subfield>
  </datafield>
  <datafield tag="037" ind1=" " ind2=" ">
    <subfield code="a">CERN-PH-EP-2015-157</subfield>
  </datafield>
  <datafield tag="037" ind1=" " ind2=" ">
    <subfield code="9">arXiv</subfield>
    <subfield code="a">arXiv:1506.08804</subfield>
    <subfield code="c">nucl-ex</subfield>
  </datafield>
  <datafield tag="245" ind1=" " ind2=" ">
    <subfield code="a">Differential studies of inclusive J/ψ and ψ(2S) production at forward rapidity in Pb-Pb collisions at $ \sqrt{s_{\mathrm{NN}}}=2.76 $ TeV</subfield>
  </datafield>
  <datafield tag="710" ind1=" " ind2=" ">
    <subfield code="g">ALICE</subfield>
  </datafield>
</record>